<?xml version="1.0" encoding="UTF-8"?>
<record xmlns="http://www.loc.gov/MARC21/slim" xmlns:xsi="http://www.w3.org/2001/XMLSchema-instance" xsi:schemaLocation="http://www.loc.gov/MARC21/slim http://www.loc.gov/standards/marcxml/schema/MARC21slim.xsd">
<leader>00000cam a22      a 4500</leader>
<controlfield tag="001">002742817</controlfield>
<controlfield tag="003">NNU</controlfield>
<controlfield tag="005">20141112174756.0</controlfield>
<controlfield tag="008">860903s1978    iq       b    000 0 ara d</controlfield>
<datafield tag="010" ind1=" " ind2=" ">
<subfield code="a">   79961345</subfield>
</datafield>
<datafield tag="035" ind1=" " ind2=" ">
<subfield code="a">(OCoLC)15268592</subfield>
<subfield code="z">(OCoLC)11244481</subfield>
<subfield code="z">(OCoLC)18244256</subfield>
<subfield code="z">(OCoLC)23490819</subfield>
</datafield>
<datafield tag="040" ind1=" " ind2=" ">
<subfield code="a">CGU</subfield>
<subfield code="b">eng</subfield>
<subfield code="c">CGU</subfield>
<subfield code="d">IXA</subfield>
<subfield code="d">OCLCQ</subfield>
<subfield code="d">CUY</subfield>
<subfield code="d">NYP</subfield>
<subfield code="d">DLC</subfield>
<subfield code="d">IUL</subfield>
<subfield code="d">EYM</subfield>
<subfield code="d">IUL</subfield>
<subfield code="d">OCLCF</subfield>
<subfield code="d">OCLCQ</subfield>
<subfield code="d">NNU</subfield>
</datafield>
<datafield tag="043" ind1=" " ind2=" ">
<subfield code="a">a-is---</subfield>
</datafield>
<datafield tag="050" ind1=" " ind2="4">
<subfield code="a">PJ8190.P3</subfield>
<subfield code="b">M87 1978</subfield>
</datafield>
<datafield tag="100" ind1="1" ind2=" ">
<subfield code="6">880-01</subfield>
<subfield code="a">Muṣṭafá, Khālid ʻAlī.</subfield>
</datafield>
<datafield tag="245" ind1="1" ind2="3">
<subfield code="6">880-02</subfield>
<subfield code="a">al-Shiʻr al-Filasṭīnī al-ḥadīth, 1948-1970 /</subfield>
<subfield code="c">Khālid ʻAlī Muṣṭafā.</subfield>
</datafield>
<datafield tag="260" ind1=" " ind2=" ">
<subfield code="6">880-03</subfield>
<subfield code="a">[Baghdād] :</subfield>
<subfield code="b">al-Jamhūriyah al-ʻIrāqīyah, Wizārat al-Thaqāfah wā al-Funūn :</subfield>
<subfield code="b">tawzīʻ al-Dār al-Waṭanīyah,</subfield>
<subfield code="c">1978.</subfield>
</datafield>
<datafield tag="300" ind1=" " ind2=" ">
<subfield code="a">319 pages ;</subfield>
<subfield code="c">24 cm.</subfield>
</datafield>
<datafield tag="336" ind1=" " ind2=" ">
<subfield code="a">text</subfield>
<subfield code="b">txt</subfield>
<subfield code="2">rdacontent</subfield>
</datafield>
<datafield tag="337" ind1=" " ind2=" ">
<subfield code="a">unmediated</subfield>
<subfield code="b">n</subfield>
<subfield code="2">rdamedia</subfield>
</datafield>
<datafield tag="338" ind1=" " ind2=" ">
<subfield code="a">volume</subfield>
<subfield code="b">nc</subfield>
<subfield code="2">rdacarrier</subfield>
</datafield>
<datafield tag="490" ind1="1" ind2=" ">
<subfield code="6">880-04</subfield>
<subfield code="a">Silsilat dirāsāt ;</subfield>
<subfield code="v">153</subfield>
</datafield>
<datafield tag="504" ind1=" " ind2=" ">
<subfield code="a">Includes bibliographical references (pages 306-318).</subfield>
</datafield>
<datafield tag="650" ind1=" " ind2="0">
<subfield code="a">Arabic poetry</subfield>
<subfield code="z">Palestine</subfield>
<subfield code="x">History and criticism.</subfield>
</datafield>
<datafield tag="650" ind1=" " ind2="7">
<subfield code="a">Arabic poetry.</subfield>
<subfield code="2">fast</subfield>
<subfield code="0">(OCoLC)fst00812533</subfield>
</datafield>
<datafield tag="651" ind1=" " ind2="7">
<subfield code="a">Middle East</subfield>
<subfield code="z">Palestine.</subfield>
<subfield code="2">fast</subfield>
<subfield code="0">(OCoLC)fst01207534</subfield>
</datafield>
<datafield tag="653" ind1="0" ind2=" ">
<subfield code="a">Palestinian Arabic poetry</subfield>
</datafield>
<datafield tag="655" ind1=" " ind2="7">
<subfield code="a">Criticism, interpretation, etc.</subfield>
<subfield code="2">fast</subfield>
<subfield code="0">(OCoLC)fst01411635</subfield>
</datafield>
<datafield tag="776" ind1="0" ind2="8">
<subfield code="i">Online version:</subfield>
<subfield code="a">Muṣṭafá, Khālid ʻAlī.</subfield>
<subfield code="t">Shiʻr al-Filasṭīnī al-ḥadīth, 1948-1970.</subfield>
<subfield code="d">Baghdād : Manshūrāt Wizārat al-Thaqāfah wa-al-Funūn : Tawziʻ al-Dār al-Waṭanīyah lil-Tawziʻ wa-al-Iʻlān, 1978</subfield>
<subfield code="w">(OCoLC)560691128</subfield>
</datafield>
<datafield tag="880" ind1="1" ind2=" ">
<subfield code="6">100-01/</subfield>
<subfield code="a">‏مصطفى، خالد علي.</subfield>
</datafield>
<datafield tag="880" ind1="1" ind2="2">
<subfield code="6">245-02/</subfield>
<subfield code="a">‏الشعر الفلسطيني الحديث، 1948-1970 /‏</subfield>
<subfield code="c">‏خالد علي مصطفى.</subfield>
</datafield>
<datafield tag="880" ind1=" " ind2=" ">
<subfield code="6">260-03/</subfield>
<subfield code="a">[بغداد] :</subfield>
<subfield code="b">الجمهورية العراقية، وزارة الثقافة والفنون :</subfield>
<subfield code="b">توزيع الدار الوطنية،</subfield>
<subfield code="c">1978.</subfield>
</datafield>
<datafield tag="880" ind1="1" ind2=" ">
<subfield code="6">490-04/</subfield>
<subfield code="a">سلسلة دراسات ؛</subfield>
<subfield code="v">153</subfield>
</datafield>
<datafield tag="830" ind1=" " ind2="0">
<subfield code="a">Silsilat dirāsāt</subfield>
<subfield code="6">880-05</subfield>
<subfield code="v">153.</subfield>
</datafield>
<datafield tag="880" ind1=" " ind2="0">
<subfield code="6">830-05/</subfield>
<subfield code="a">سلسلة دراسات ؛</subfield>
<subfield code="v">153.</subfield>
</datafield>
<datafield tag="OWN" ind1=" " ind2=" ">
<subfield code="a">GENERAL</subfield>
</datafield>
<datafield tag="AVA" ind1=" " ind2=" ">
<subfield code="a">NYU50</subfield>
<subfield code="b">BOBST</subfield>
<subfield code="c">Main Collection</subfield>
<subfield code="d">PJ7561 .M87 1978</subfield>
<subfield code="e">unavailable</subfield>
<subfield code="t">Unavailable</subfield>
<subfield code="f">1</subfield>
<subfield code="g">1</subfield>
<subfield code="h">N</subfield>
<subfield code="i">1</subfield>
<subfield code="j">MAIN</subfield>
<subfield code="k">0</subfield>
</datafield>
</record>
